<collection xmlns="http://www.loc.gov/MARC21/slim">
<record>
  <leader>01580nam0a22003131i 450 </leader>
  <controlfield tag="001">IT\ICCU\CNCE\033084</controlfield>
  <controlfield tag="005">20160323000000.0</controlfield>
  <datafield tag="012" ind1=" " ind2=" ">
    <subfield code="a">o-mo l-s- liin ire, (C) 1588 (Q)</subfield>
    <subfield code="2">fei</subfield>
  </datafield>
  <datafield tag="100" ind1=" " ind2=" ">
    <subfield code="a">19971217f1588        0itac0103    ba</subfield>
  </datafield>
  <datafield tag="101" ind1=" " ind2=" ">
    <subfield code="a">ITA</subfield>
  </datafield>
  <datafield tag="102" ind1=" " ind2=" ">
    <subfield code="a">IT</subfield>
  </datafield>
  <datafield tag="200" ind1="1" ind2=" ">
    <subfield code="a">Ragguaglio della nobil rotta data da Scozzersi \!!  ̉gl&apos;Inglesi appresso la citt ̉di Doufres. Con prigionia di molti baroni principali fra de quali un cugino della regina d&apos;Inghilterra</subfield>
  </datafield>
  <datafield tag="210" ind1=" " ind2=" ">
    <subfield code="a">In Bologna &amp; in Padoa</subfield>
    <subfield code="c">per Lorenzo Pasquati</subfield>
    <subfield code="d">\non prima del 1588!</subfield>
  </datafield>
  <datafield tag="215" ind1=" " ind2=" ">
    <subfield code="a">\4! c.</subfield>
    <subfield code="d">4ʻ</subfield>
  </datafield>
  <datafield tag="300" ind1=" " ind2=" ">
    <subfield code="a">Il nome dell&apos;autore e la data si ricavano dalla sottoscrizione in calce</subfield>
  </datafield>
  <datafield tag="620" ind1=" " ind2=" ">
    <subfield code="a">IT</subfield>
    <subfield code="d">Padova</subfield>
  </datafield>
  <datafield tag="700" ind1=" " ind2="1">
    <subfield code="a">Lanzavecchia,</subfield>
    <subfield code="b">Odoardo</subfield>
    <subfield code="3">IT\ICCU\CNCA\009578</subfield>
  </datafield>
  <datafield tag="712" ind1="0" ind2="0">
    <subfield code="a">Pasquato, Lorenzo</subfield>
    <subfield code="3">IT\ICCU\CNCT\000004</subfield>
    <subfield code="4">650</subfield>
  </datafield>
  <datafield tag="790" ind1=" " ind2="1">
    <subfield code="a">Lanzavechia,</subfield>
    <subfield code="b">Odoardo</subfield>
    <subfield code="3">IT\ICCU\CNCA\023115</subfield>
    <subfield code="z">Lanzavecchia, Odoardo</subfield>
  </datafield>
  <datafield tag="791" ind1="0" ind2="0">
    <subfield code="a">Paschatius, Laurentius</subfield>
    <subfield code="3">IT\ICCU\CNCT\002466</subfield>
    <subfield code="z">Pasquato, Lorenzo</subfield>
  </datafield>
  <datafield tag="791" ind1="0" ind2="0">
    <subfield code="a">Pasqualius, Laurentius</subfield>
    <subfield code="3">IT\ICCU\CNCT\004022</subfield>
    <subfield code="z">Pasquato, Lorenzo</subfield>
  </datafield>
  <datafield tag="791" ind1="0" ind2="0">
    <subfield code="a">Pasquale, Lorenzo</subfield>
    <subfield code="3">IT\ICCU\CNCT\004023</subfield>
    <subfield code="z">Pasquato, Lorenzo</subfield>
  </datafield>
  <datafield tag="791" ind1="0" ind2="0">
    <subfield code="a">Pasquatus, Laurentius</subfield>
    <subfield code="3">IT\ICCU\CNCT\005296</subfield>
    <subfield code="z">Pasquato, Lorenzo</subfield>
  </datafield>
  <datafield tag="791" ind1="0" ind2="0">
    <subfield code="a">Pasquatius, Laurentius</subfield>
    <subfield code="3">IT\ICCU\CNCT\005297</subfield>
    <subfield code="z">Pasquato, Lorenzo</subfield>
  </datafield>
  <datafield tag="791" ind1="0" ind2="0">
    <subfield code="a">Pasquatto, Lorenzo</subfield>
    <subfield code="3">IT\ICCU\CNCT\005298</subfield>
    <subfield code="z">Pasquato, Lorenzo</subfield>
  </datafield>
  <datafield tag="791" ind1="0" ind2="0">
    <subfield code="a">Pasquati, Lorenzo</subfield>
    <subfield code="3">IT\ICCU\CNCT\005299</subfield>
    <subfield code="z">Pasquato, Lorenzo</subfield>
  </datafield>
  <datafield tag="801" ind1=" " ind2="3">
    <subfield code="a">IT</subfield>
    <subfield code="b">ICCU</subfield>
    <subfield code="c">20201114</subfield>
  </datafield>
  <datafield tag="899" ind1=" " ind2=" ">
    <subfield code="a">Biblioteca comunale Forteguerriana. Pistoia</subfield>
    <subfield code="1">PT0025</subfield>
    <subfield code="2">RT1 IE</subfield>
  </datafield>
  <datafield tag="899" ind1=" " ind2=" ">
    <subfield code="a">Biblioteca nazionale Marciana. Venezia</subfield>
    <subfield code="1">VE0049</subfield>
    <subfield code="2">VEA BM</subfield>
  </datafield>
</record>
</collection>
